<?xml version="1.0" encoding="UTF-8"?><collection xmlns="http://www.loc.gov/MARC21/slim"><record><leader>00624nam--2200169-i-4500</leader><controlfield tag="001">000007013</controlfield><controlfield tag="002">20161230</controlfield><controlfield tag="005">20161230201027</controlfield><controlfield tag="008">060222s1000------------r-----000-0-eng-d</controlfield><datafield ind1=" " ind2=" " tag="040"><subfield code="a">IFIN-HH</subfield></datafield><datafield ind1=" " ind2=" " tag="080"><subfield code="a">53.081</subfield></datafield><datafield ind1="1" ind2=" " tag="100"><subfield code="a">Ardenne, Manfred Von</subfield></datafield><datafield ind1="1" ind2="0" tag="245"><subfield code="a">Tabellen zur angewandten physik. elektronen- physik. ionenphysik. vakuumphysik. kernphysik. medizinische electronik. hilfsgebiete. band i: electronenphysik, ubermikroskopie, ionenphysik</subfield><subfield code="c">Manfred von ardenne</subfield></datafield><datafield ind1=" " ind2=" " tag="260"><subfield code="a">Berlin</subfield><subfield code="b">Veb, Deutscher Verlag Der Wissenschaften</subfield><subfield code="c">1962</subfield></datafield><datafield ind1=" " ind2=" " tag="300"><subfield code="a">XXIV + 758 P</subfield></datafield><datafield ind1=" " ind2=" " tag="852"><subfield code="a">20648</subfield><subfield code="c">53.081</subfield></datafield><datafield ind1=" " ind2=" " tag="CAT"><subfield code="a">Sys</subfield><subfield code="c">20160328</subfield><subfield code="h">120257</subfield></datafield></record></collection>